@techreport{Bernstein2005-daguide,
	Author = {Abraham Bernstein},
	Institution = {Dynamic and Distribution Information System Group, University of Zurich},
	Title = {So what is a (Diploma) Thesis? A few thoughts for first-timers},
	Year = {2005}}



