@misc{pierce_ware_smith_moolenaar_2019,
    title={ vimtutor - the Vim tutor },
    url={https://github.com/vim/vim/blob/master/runtime/tutor/tutor},
    journal={github.com/vim/vim},
    publisher={vim.org},
    author={Pierce, Micheal  C and Ware, Robert K and Smith, Charles and Moolenaar, Bram},
    year={2019},
    month={Nov}} 
